@ONLINE{python,
	title = {Python Programming Language Official Website},
	url = {http://www.python.org/}
}
@ONLINE{pythonmulti,
	title = {Multiprocessing in Python},
	url = {http://docs.python.org/3/library/multiprocessing.html}
}
@ONLINE{pthreads,
	title = {POSIX Threads Programming},
	author = {Blaise Barney},
	url = {https://computing.llnl.gov/tutorials/pthreads/}
}
@ONLINE{ambienttalk,
	title = {What is AmbientTalk about?},
	author = {Tom Van Cutsem},
	url = {http://soft.vub.ac.be/amop/}
}
@UNPUBLISHED{task5,
	author = {Saey, Mathijs},
	title = {OSSEC Task Report: OS Task 5: Mutual exclusion},
	note = {OSSEC Task report},
	month = December,
	year = 2013
}
@UNPUBLISHED{task6,
	author = {Saey, Mathijs},
	title = {OSSEC Task Report: OS Task 6: Communication between threads},
	note = {OSSEC Task report},
	month = January,
	year = 2014
} 
@UNPUBLISHED{task3,
	author = {Saey, Mathijs},
	title = {OSSEC Task Report: SEC Task 3: Network Sniffing},
	note = {OSSEC Task report},
	month = December,
	year = 2013
} 